<?xml version = "1.0" encoding = "UTF-8"?><OAI-PMH xmlns="http://www.openarchives.org/OAI/2.0/" xmlns:xsi="http://www.w3.org/2001/XMLSchema-instance" xsi:schemaLocation="http://www.openarchives.org/OAI/2.0/ http://www.openarchives.org/OAI/2.0/OAI-PMH.xsd"><ListRecords><record><header><identifier>aleph-publish:019443321</identifier></header><metadata><record xmlns="http://www.ddb.de/professionell/mabxml/mabxml-1.xsd"><leader>00437nM2.01200024------u</leader><controlfield tag="LDR">00437nM2.01200024------u</controlfield><controlfield tag="FMT">MU</controlfield><datafield tag="001" ind1="-" ind2="1"><subfield code="a">HT017529028</subfield></datafield><datafield tag="001" ind1="-" ind2="2"><subfield code="a">HT012848847</subfield></datafield><datafield tag="002" ind1="a" ind2="1"><subfield code="a">20130131</subfield></datafield><datafield tag="002" ind1="b" ind2="2"><subfield code="a">20001106</subfield></datafield><datafield tag="003" ind1="-" ind2="1"><subfield code="a">20210409074022.0</subfield></datafield><datafield tag="003" ind1="-" ind2="2"><subfield code="a">20220322085100.0</subfield></datafield><datafield tag="004" ind1="-" ind2="1"><subfield code="a">20060507</subfield></datafield><datafield tag="004" ind1="-" ind2="2"><subfield code="a">20000829</subfield></datafield><datafield tag="010" ind1="-" ind2="1"><subfield code="a">HT012848847</subfield></datafield><datafield tag="020" ind1="a" ind2="2"><subfield code="a">959597492</subfield><subfield code="b">292</subfield></datafield><datafield tag="022" ind1="-" ind2="2"><subfield code="a">CT007000745</subfield></datafield><datafield tag="025" ind1="o" ind2="1"><subfield code="a">1073564888</subfield></datafield><datafield tag="025" ind1="o" ind2="2"><subfield code="a">610823522</subfield></datafield><datafield tag="026" ind1="-" ind2="1"><subfield code="a">HBZHT017529028</subfield></datafield><datafield tag="026" ind1="-" ind2="2"><subfield code="a">HBZHT012848847</subfield></datafield><controlfield tag="030">a|1uc||||||||</controlfield><datafield tag="036" ind1="a" ind2="2"><subfield code="a">DE</subfield></datafield><datafield tag="037" ind1="b" ind2="2"><subfield code="a">ger</subfield></datafield><controlfield tag="050">a|||||||||||||</controlfield><datafield tag="070" ind1="-" ind2="1"><subfield code="a">Kn 28</subfield></datafield><datafield tag="070" ind1="-" ind2="2"><subfield code="a">361</subfield></datafield><datafield tag="070" ind1="a" ind2="1"><subfield code="a">Kn 28</subfield></datafield><datafield tag="070" ind1="a" ind2="2"><subfield code="a">292</subfield></datafield><datafield tag="070" ind1="b" ind2="1"><subfield code="a">1032</subfield></datafield><datafield tag="070" ind1="b" ind2="2"><subfield code="a">Kn 28</subfield></datafield><datafield tag="078" ind1="n" ind2="1"><subfield code="a">NWBib-6</subfield></datafield><datafield tag="078" ind1="n" ind2="2"><subfield code="a">NWBib-6</subfield></datafield><datafield tag="080" ind1="-" ind2="1"><subfield code="a">60</subfield></datafield><datafield tag="080" ind1="-" ind2="2"><subfield code="a">60</subfield></datafield><controlfield tag="089">18 D. Schriften zu Mystik und Spiritualität Abt. 1, Phänomenologie und Mystik 2</controlfield><datafield tag="090" ind1="-" ind2="1"><subfield code="a">18</subfield></datafield><datafield tag="100" ind1="-" ind2="2"><subfield code="p">Stein, Edith</subfield><subfield code="c">Heilige</subfield><subfield code="d">1891-1942</subfield><subfield code="9">(DE-588)118617230</subfield></datafield><datafield tag="101" ind1="-" ind2="2"><subfield code="p">T. Benedicta</subfield><subfield code="c">vom Kreuz, Heilige</subfield><subfield code="d">1891-1942</subfield></datafield><datafield tag="101" ind1="-" ind2="2"><subfield code="p">T. Benedicta</subfield><subfield code="c">a Cruce, Heilige</subfield><subfield code="d">1891-1942</subfield></datafield><datafield tag="101" ind1="-" ind2="2"><subfield code="p">Teresa Benedicta</subfield><subfield code="c">of the Cross, Heilige</subfield><subfield code="d">1891-1942</subfield></datafield><datafield tag="101" ind1="-" ind2="2"><subfield code="p">Teresa Benedicta</subfield><subfield code="c">de la Cruz, Heilige</subfield><subfield code="d">1891-1942</subfield></datafield><datafield tag="101" ind1="-" ind2="2"><subfield code="p">Teresa Benedykta</subfield><subfield code="c">od Krzyża, Heilie</subfield><subfield code="d">1891-1942</subfield></datafield><datafield tag="101" ind1="-" ind2="2"><subfield code="p">Cruz, Beata Teresa Benedicta &lt;&lt;de la&gt;&gt;</subfield><subfield code="c">Heilige</subfield><subfield code="d">1891-1942</subfield></datafield><datafield tag="101" ind1="-" ind2="2"><subfield code="p">Stein, Edyta</subfield><subfield code="c">Heilige</subfield><subfield code="d">1891-1942</subfield></datafield><datafield tag="101" ind1="-" ind2="2"><subfield code="p">Štejn, Ėdit</subfield><subfield code="c">Heilige</subfield><subfield code="d">1891-1942</subfield></datafield><datafield tag="101" ind1="-" ind2="2"><subfield code="p">Štejn, Edit</subfield><subfield code="c">Heilige</subfield><subfield code="d">1891-1942</subfield></datafield><datafield tag="101" ind1="-" ind2="2"><subfield code="p">Steinová, Edita</subfield><subfield code="c">Heilige</subfield><subfield code="d">1891-1942</subfield></datafield><datafield tag="101" ind1="-" ind2="2"><subfield code="p">Shutain, Ēdito</subfield><subfield code="c">Heilige</subfield><subfield code="d">1891-1942</subfield></datafield><datafield tag="101" ind1="-" ind2="2"><subfield code="p">Teresia Benedicta a Cruce</subfield><subfield code="c">Schwester, Heilige</subfield><subfield code="d">1891-1942</subfield></datafield><datafield tag="101" ind1="-" ind2="2"><subfield code="p">Teresa Benedicta a Cruce OCD</subfield><subfield code="c">Heilige</subfield><subfield code="d">1891-1942</subfield></datafield><datafield tag="101" ind1="-" ind2="2"><subfield code="p">Teresia Benedicta</subfield><subfield code="c">vom Kreuz, Heilige</subfield><subfield code="d">1891-1942</subfield></datafield><datafield tag="101" ind1="-" ind2="2"><subfield code="p">Teresia Benedicta</subfield><subfield code="c">a Cruce, Heilige</subfield><subfield code="d">1891-1942</subfield></datafield><datafield tag="101" ind1="-" ind2="2"><subfield code="p">Theresia Benedicta</subfield><subfield code="c">a Cruce, Heilige</subfield><subfield code="d">1891-1942</subfield></datafield><datafield tag="101" ind1="-" ind2="2"><subfield code="p">Cruce, Teresia Benedicta &lt;&lt;a&gt;&gt;</subfield><subfield code="c">Heilige</subfield><subfield code="d">1891-1942</subfield></datafield><datafield tag="101" ind1="-" ind2="2"><subfield code="p">Stein, Edith</subfield><subfield code="d">1891-1942</subfield></datafield><datafield tag="101" ind1="-" ind2="2"><subfield code="p">E di teu Syu ta in</subfield><subfield code="d">1891-1942</subfield></datafield><datafield tag="101" ind1="-" ind2="2"><subfield code="p">Editeu-Syutain</subfield><subfield code="d">1891-1942</subfield></datafield><datafield tag="101" ind1="-" ind2="2"><subfield code="p">Syutain, Editeu</subfield><subfield code="d">1891-1942</subfield></datafield><datafield tag="101" ind1="-" ind2="2"><subfield code="p">Syut&apos;ain, Edit&apos;ŭ</subfield><subfield code="d">1891-1942</subfield></datafield><datafield tag="104" ind1="b" ind2="2"><subfield code="p">Linssen, Michael</subfield><subfield code="b">[Hrsg.]</subfield></datafield><datafield tag="108" ind1="b" ind2="2"><subfield code="p">Neyer, Amata</subfield><subfield code="d">1922-2019</subfield><subfield code="b">[Bearb.]</subfield><subfield code="9">(DE-588)120534983</subfield></datafield><datafield tag="109" ind1="-" ind2="2"><subfield code="p">Neyer, Maria Amata</subfield><subfield code="d">1922-2019</subfield></datafield><datafield tag="109" ind1="-" ind2="2"><subfield code="p">Neyer, M. Amata</subfield><subfield code="d">1922-2019</subfield></datafield><datafield tag="109" ind1="-" ind2="2"><subfield code="p">Neyerová, Maria Amata</subfield><subfield code="d">1922-2019</subfield></datafield><datafield tag="109" ind1="-" ind2="2"><subfield code="p">Neyerová, Amata</subfield><subfield code="d">1922-2019</subfield></datafield><datafield tag="109" ind1="-" ind2="2"><subfield code="p">Neyerová, Maria A.</subfield><subfield code="d">1922-2019</subfield></datafield><datafield tag="109" ind1="-" ind2="2"><subfield code="p">Neyer, Maria A.</subfield><subfield code="d">1922-2019</subfield></datafield><datafield tag="300" ind1="-" ind2="2"><subfield code="a">Sammlung</subfield></datafield><datafield tag="331" ind1="-" ind2="1"><subfield code="a">Kreuzeswissenschaft</subfield></datafield><datafield tag="331" ind1="a" ind2="2"><subfield code="a">Edith-Stein-Gesamtausgabe</subfield></datafield><datafield tag="335" ind1="-" ind2="1"><subfield code="a">Studie über Johannes vom Kreuz</subfield></datafield><datafield tag="359" ind1="-" ind2="1"><subfield code="a">neu bearb. und eingeleitet von Ulrich Dobhan</subfield></datafield><datafield tag="359" ind1="-" ind2="2"><subfield code="a">hrsg. im Auftr. des Internationalen Edith-Stein-Instituts Würzburg von Michael Linssen unter wiss. Mitarb. von Hanna-Barbara Gerl-Falkovitz</subfield></datafield><datafield tag="370" ind1="a" ind2="2"><subfield code="a">ESGA</subfield></datafield><datafield tag="403" ind1="-" ind2="1"><subfield code="a">4., durchges. und korr. Aufl.</subfield></datafield><datafield tag="410" ind1="-" ind2="2"><subfield code="a">Freiburg i. Br. [u.a.]</subfield></datafield><datafield tag="412" ind1="-" ind2="2"><subfield code="a">Herder</subfield></datafield><datafield tag="425" ind1="b" ind2="2"><subfield code="a">2000</subfield></datafield><datafield tag="425" ind1="c" ind2="2"><subfield code="a">2020</subfield></datafield><datafield tag="425" ind1="a" ind2="1"><subfield code="a">2013</subfield></datafield><datafield tag="433" ind1="-" ind2="1"><subfield code="a">XXXVII, 265 S.</subfield></datafield><datafield tag="523" ind1="-" ind2="2"><subfield code="p">Erschienen</subfield><subfield code="a">Bd 1 - 28</subfield></datafield><datafield tag="540" ind1="a" ind2="1"><subfield code="a">978-3-451-27388-9</subfield></datafield><datafield tag="700" ind1="l" ind2="2"><subfield code="a">400</subfield></datafield><datafield tag="700" ind1="l" ind2="2"><subfield code="a">450</subfield></datafield><datafield tag="700" ind1="g" ind2="2"><subfield code="a">BF 7110</subfield></datafield><datafield tag="700" ind1="g" ind2="2"><subfield code="a">BU 1430</subfield></datafield><datafield tag="700" ind1="g" ind2="2"><subfield code="a">DF 3000</subfield></datafield><datafield tag="700" ind1="g" ind2="2"><subfield code="a">BM 7930a</subfield></datafield><datafield tag="700" ind1="g" ind2="2"><subfield code="a">BM 7990</subfield></datafield><datafield tag="700" ind1="n" ind2="2"><subfield code="a">Nordrhein-Westfalen</subfield><subfield code="0">https://nwbib.de/spatial#N01</subfield></datafield><datafield tag="700" ind1="n" ind2="2"><subfield code="a">Geistliche. Ordensleute</subfield><subfield code="0">https://nwbib.de/subjects#N611050</subfield></datafield><datafield tag="710" ind1="-" ind2="2"><subfield code="a">Stein, Edith</subfield></datafield><datafield tag="902" ind1="-" ind2="1"><subfield code="p">Juan</subfield><subfield code="c">de la Cruz</subfield><subfield code="d">1542-1591</subfield><subfield code="9">(DE-588)118640038</subfield></datafield><controlfield tag="SYS">019443321</controlfield><datafield tag="952" ind1="-" ind2="1"><subfield code="p">Della Croce, Giovanni</subfield><subfield code="d">1542-1591</subfield></datafield><datafield tag="952" ind1="-" ind2="1"><subfield code="p">Cruce, Joannis &lt;&lt;a&gt;&gt;</subfield><subfield code="d">1542-1591</subfield></datafield><datafield tag="952" ind1="-" ind2="1"><subfield code="p">Yepes Alvarez, Juan &lt;&lt;de&gt;&gt;</subfield><subfield code="d">1542-1591</subfield></datafield><datafield tag="952" ind1="-" ind2="1"><subfield code="p">Johannes</subfield><subfield code="c">vom Kreuz</subfield><subfield code="d">1542-1591</subfield></datafield><datafield tag="952" ind1="-" ind2="1"><subfield code="p">La Cruz, Juan &lt;&lt;de&gt;&gt;</subfield><subfield code="d">1542-1591</subfield></datafield><datafield tag="952" ind1="-" ind2="1"><subfield code="p">Johannes</subfield><subfield code="c">a Cruce</subfield><subfield code="d">1542-1591</subfield></datafield><datafield tag="952" ind1="-" ind2="1"><subfield code="p">Cruz, Ioannes</subfield><subfield code="d">1542-1591</subfield></datafield><datafield tag="952" ind1="-" ind2="1"><subfield code="p">Cruce, Johannes &lt;&lt;a&gt;&gt;</subfield><subfield code="d">1542-1591</subfield></datafield><datafield tag="952" ind1="-" ind2="1"><subfield code="p">Cruce, Ioannis &lt;&lt;a&gt;&gt;</subfield><subfield code="d">1542-1591</subfield></datafield><datafield tag="952" ind1="-" ind2="1"><subfield code="p">LaCruz, Juan &lt;&lt;de&gt;&gt;</subfield><subfield code="d">1542-1591</subfield></datafield><datafield tag="952" ind1="-" ind2="1"><subfield code="p">Sankt Johannes vom Kreuz</subfield><subfield code="d">1542-1591</subfield></datafield><datafield tag="952" ind1="-" ind2="1"><subfield code="p">Jean de la Croix</subfield><subfield code="d">1542-1591</subfield></datafield><datafield tag="952" ind1="-" ind2="1"><subfield code="p">Saint John</subfield><subfield code="c">of the Cross</subfield><subfield code="d">1542-1591</subfield></datafield><datafield tag="952" ind1="-" ind2="1"><subfield code="p">Saint Jean de la Croix</subfield><subfield code="d">1542-1591</subfield></datafield><datafield tag="952" ind1="-" ind2="1"><subfield code="p">Joannes</subfield><subfield code="c">vom Creütz</subfield><subfield code="d">1542-1591</subfield></datafield><datafield tag="952" ind1="-" ind2="1"><subfield code="p">Joannes</subfield><subfield code="c">vom Creutz</subfield><subfield code="d">1542-1591</subfield></datafield><datafield tag="952" ind1="-" ind2="1"><subfield code="p">Alvarez, Juan de Yepes &lt;&lt;y&gt;&gt;</subfield><subfield code="d">1542-1591</subfield></datafield><datafield tag="952" ind1="-" ind2="1"><subfield code="p">DeLaCruz, San Juan</subfield><subfield code="d">1542-1591</subfield></datafield><datafield tag="952" ind1="-" ind2="1"><subfield code="p">Joannis</subfield><subfield code="c">a Cruce</subfield><subfield code="d">1542-1591</subfield></datafield><datafield tag="952" ind1="-" ind2="1"><subfield code="p">Joannes</subfield><subfield code="c">a Cruce</subfield><subfield code="d">1542-1591</subfield></datafield><datafield tag="952" ind1="-" ind2="1"><subfield code="p">Yepes y Alvarez, Juan &lt;&lt;de&gt;&gt;</subfield><subfield code="d">1542-1591</subfield></datafield><datafield tag="952" ind1="-" ind2="1"><subfield code="p">Cruz, Juan &lt;&lt;de la&gt;&gt;</subfield><subfield code="d">1542-1591</subfield></datafield><datafield tag="952" ind1="-" ind2="1"><subfield code="p">John</subfield><subfield code="c">of the Cross</subfield><subfield code="d">1542-1591</subfield></datafield><datafield tag="952" ind1="-" ind2="1"><subfield code="p">Jean</subfield><subfield code="c">de la Croix</subfield><subfield code="d">1542-1591</subfield></datafield><datafield tag="952" ind1="-" ind2="1"><subfield code="p">Ioannis</subfield><subfield code="c">a Cruce</subfield><subfield code="d">1542-1591</subfield></datafield><datafield tag="952" ind1="-" ind2="1"><subfield code="p">Giovanni</subfield><subfield code="c">della Croce</subfield><subfield code="d">1542-1591</subfield></datafield><datafield tag="952" ind1="-" ind2="1"><subfield code="p">San Juan</subfield><subfield code="c">de la Cruz</subfield><subfield code="d">1542-1591</subfield></datafield><datafield tag="952" ind1="-" ind2="1"><subfield code="p">Yepes, Juan &lt;&lt;de&gt;&gt;</subfield><subfield code="d">1542-1591</subfield></datafield><datafield tag="952" ind1="-" ind2="1"><subfield code="p">Johannes</subfield><subfield code="c">a cruce</subfield><subfield code="d">1542-1591</subfield></datafield><datafield tag="952" ind1="-" ind2="1"><subfield code="p">Johannes</subfield><subfield code="c">de Cruce</subfield><subfield code="d">1542-1591</subfield></datafield><datafield tag="952" ind1="-" ind2="1"><subfield code="p">La Croix, Jean &lt;&lt;de&gt;&gt;</subfield><subfield code="d">1542-1591</subfield></datafield><datafield tag="952" ind1="-" ind2="1"><subfield code="p">De la Cruz, Juan</subfield><subfield code="d">1542-1591</subfield></datafield><datafield tag="952" ind1="-" ind2="1"><subfield code="p">Vom Kreuz, Johannes</subfield><subfield code="d">1542-1591</subfield></datafield><datafield tag="952" ind1="-" ind2="1"><subfield code="p">Joannes</subfield><subfield code="c">van het Kruis</subfield><subfield code="d">1542-1591</subfield></datafield><datafield tag="952" ind1="-" ind2="1"><subfield code="p">Creutz, Joannis &lt;&lt;von&gt;&gt;</subfield><subfield code="d">1542-1591</subfield></datafield><datafield tag="952" ind1="-" ind2="1"><subfield code="p">Creutz, Johannes &lt;&lt;vom&gt;&gt;</subfield><subfield code="d">1542-1591</subfield></datafield><datafield tag="952" ind1="-" ind2="1"><subfield code="p">Vom Creutz, Johannes</subfield><subfield code="d">1542-1591</subfield></datafield><datafield tag="952" ind1="-" ind2="1"><subfield code="p">Ioannes</subfield><subfield code="c">a Cruce</subfield><subfield code="d">1542-1591</subfield></datafield><datafield tag="952" ind1="-" ind2="1"><subfield code="p">Joannes</subfield><subfield code="c">de la Cruz</subfield><subfield code="d">1542-1591</subfield></datafield><datafield tag="952" ind1="-" ind2="1"><subfield code="p">Johannes</subfield><subfield code="c">vom Kreuze</subfield><subfield code="d">1542-1591</subfield></datafield><datafield tag="952" ind1="-" ind2="1"><subfield code="p">Joao</subfield><subfield code="c">da Cruz</subfield><subfield code="d">1542-1591</subfield></datafield><datafield tag="952" ind1="-" ind2="1"><subfield code="p">Cruz, Ioanne</subfield><subfield code="d">1542-1591</subfield></datafield><datafield tag="952" ind1="-" ind2="1"><subfield code="p">Cruz, Joao &lt;&lt;da&gt;&gt;</subfield><subfield code="d">1542-1591</subfield></datafield><datafield tag="952" ind1="-" ind2="1"><subfield code="p">Croce, Giovanni</subfield><subfield code="c">della</subfield><subfield code="d">1542-1591</subfield></datafield><datafield tag="952" ind1="-" ind2="1"><subfield code="p">Cruz, San Juan de la</subfield><subfield code="d">1542-1591</subfield></datafield><datafield tag="952" ind1="-" ind2="1"><subfield code="p">Croix, Jean &lt;&lt;de la&gt;&gt;</subfield><subfield code="d">1542-1591</subfield></datafield><datafield tag="952" ind1="-" ind2="1"><subfield code="p">Kreuz, Johannes &lt;&lt;vom&gt;&gt;</subfield><subfield code="d">1542-1591</subfield></datafield><datafield tag="952" ind1="-" ind2="1"><subfield code="p">LaCroix, Jean &lt;&lt;de&gt;&gt;</subfield><subfield code="d">1542-1591</subfield></datafield><datafield tag="952" ind1="-" ind2="1"><subfield code="p">DellaCroce, Giovanni</subfield><subfield code="d">1542-1591</subfield></datafield><datafield tag="952" ind1="-" ind2="1"><subfield code="p">St. John of the Cross</subfield><subfield code="d">1542-1591</subfield></datafield><datafield tag="088" ind1=" " ind2=" "><subfield code="a">1032</subfield><subfield code="b">KOEL</subfield><subfield code="c">PHBB 18/22/XVIII</subfield><subfield code="e">Monographie</subfield></datafield><datafield tag="088" ind1=" " ind2=" "><subfield code="a">Lan 1</subfield><subfield code="c">teo 172.3-1/18</subfield><subfield code="e">Keine Angabe</subfield></datafield><datafield tag="088" ind1=" " ind2=" "><subfield code="a">2750</subfield><subfield code="b">MAG</subfield><subfield code="c">DI ESGA 18.1</subfield><subfield code="e">Präsenzbestand</subfield></datafield></record></metadata></record></ListRecords></OAI-PMH>